<?xml version="1.0" encoding="UTF-8"?><collection xmlns="http://www.loc.gov/MARC21/slim"><record><leader>00554nam--2200169-u-4500</leader><controlfield tag="001">000054808</controlfield><controlfield tag="002">20161230</controlfield><controlfield tag="005">20161230201051</controlfield><controlfield tag="008">120614s1000------------r-----000-0-eng-d</controlfield><datafield ind1=" " ind2=" " tag="040"><subfield code="a">IFIN-HH</subfield></datafield><datafield ind1=" " ind2=" " tag="080"><subfield code="a">539.172:621.384.8</subfield></datafield><datafield ind1="1" ind2=" " tag="100"><subfield code="a">Kerek, Andras</subfield></datafield><datafield ind1="1" ind2="0" tag="245"><subfield code="a">Nuclear structure studies in the tin region</subfield><subfield code="b">In-beam cyclotron and on-line isotope separator investigations of nucleides having z=50-56</subfield><subfield code="c">Andras kerek</subfield></datafield><datafield ind1=" " ind2=" " tag="260"><subfield code="a">Stockholm</subfield><subfield code="b">Research Institute Of Physics</subfield><subfield code="c">1974</subfield></datafield><datafield ind1=" " ind2=" " tag="300"><subfield code="a">34P</subfield></datafield><datafield ind1=" " ind2=" " tag="852"><subfield code="a">43668</subfield><subfield code="c">539.17</subfield></datafield><datafield ind1=" " ind2=" " tag="CAT"><subfield code="a">Sys</subfield><subfield code="c">20120614</subfield><subfield code="h">171323</subfield></datafield></record></collection>